<record><leader>00000cas a22000007a 4500</leader><controlfield tag="001">12029328</controlfield><controlfield tag="008">850513d19041922wiuwr ne      0    0eng d</controlfield><datafield ind1=" " ind2=" " tag="010"><subfield code="a">sn 85040716 </subfield></datafield><datafield ind1=" " ind2=" " tag="040"><subfield code="a">NPV</subfield><subfield code="b">eng</subfield><subfield code="c">NPV</subfield><subfield code="d">OCL</subfield><subfield code="d">OCLCQ</subfield></datafield><datafield ind1=" " ind2=" " tag="042"><subfield code="a">msc</subfield></datafield><datafield ind1=" " ind2=" " tag="045"><subfield code="a">x0x2</subfield></datafield><datafield ind1=" " ind2=" " tag="052"><subfield code="a">4123</subfield><subfield code="b">J4</subfield></datafield><datafield ind1="0" ind2=" " tag="130"><subfield code="a">Waterloo democrat (Waterloo, Wis. : 1904)</subfield></datafield><datafield ind1="1" ind2="0" tag="245"><subfield code="a">Waterloo democrat.</subfield></datafield><datafield ind1="1" ind2="3" tag="246"><subfield code="a">Waterloo democrat and dairyman</subfield></datafield><datafield ind1=" " ind2=" " tag="260"><subfield code="a">Waterloo, Wis. :</subfield><subfield code="b">H.A. Whipple,</subfield><subfield code="c">1904-1922.</subfield></datafield><datafield ind1=" " ind2=" " tag="300"><subfield code="a">19 v. :</subfield><subfield code="b">ill.</subfield></datafield><datafield ind1=" " ind2=" " tag="310"><subfield code="a">Weekly</subfield></datafield><datafield ind1="0" ind2=" " tag="362"><subfield code="a">Vol. 20, no. 8 (Apr. 15, 1904)-v. 38, no. 38 (Nov. 17, 1922).</subfield></datafield><datafield ind1=" " ind2=" " tag="500"><subfield code="a">Publisher varies.</subfield></datafield><datafield ind1=" " ind2=" " tag="500"><subfield code="a">Editor: H.A. Whipple, April 15, 1904-July 18, 1913.</subfield></datafield><datafield ind1=" " ind2=" " tag="525"><subfield code="a">Supplements accompany some issues.</subfield></datafield><datafield ind1=" " ind2=" " tag="530"><subfield code="a">Available on microfilm from The State Historical Society of Wisconsin.</subfield></datafield><datafield ind1=" " ind2=" " tag="752"><subfield code="a">United States</subfield><subfield code="b">Wisconsin</subfield><subfield code="c">Jefferson</subfield><subfield code="d">Waterloo.</subfield></datafield><datafield ind1="0" ind2="0" tag="780"><subfield code="t">Waterloo democrat and dairyman</subfield><subfield code="w">(DLC)sn 85040717</subfield></datafield><datafield ind1="0" ind2="5" tag="780"><subfield code="t">Waterloo journal</subfield><subfield code="w">(DLC)sn 85033288</subfield></datafield><datafield ind1="0" ind2="7" tag="785"><subfield code="t">Waterloo enterprise</subfield><subfield code="w">(DLC)sn 85040719</subfield></datafield><datafield ind1="0" ind2="7" tag="785"><subfield code="t">Waterloo courier (Waterloo, Wis.)</subfield><subfield code="w">(DLC)sn 85040715</subfield></datafield></record>